%% NOTA: em vez de usar as letras e vogais com acento ou sinais gr\'aficos (como o c cedilhado -- \c c), algo normal agora no texto em LaTeX, use aqui suas formas no padrão LaTeX, p. ex.:
%% \'a = a agudo (mesmo para outras vogais)
%% \^a = a circunflexo  
%% \`a = a craseado
%% \"a = a tremado
%% {\c c} = c cedilhado
%% Isto ainda é necessário para evitar inconsistências na geração da lista de referências bibliográficas.

@string{cs =      "Complex Systems"}
@string{pl =      "Physics Letters"}
@string{prl =     "Physical Review Letters"}
@string{pra =     "Physical Review A"}
@string{pla =     "Physics Letters A"}
@string{pre =     "Physical Review E"}
@string{pd =      "Physica D"}
@string{jcsc =    "Journal of Circuits, Systems and Computers"}
@string{jsv =     "Journal of Sound and Vibration"}
@string{ijbc =    "International Journal of Bifurcation and Chaos"}
@string{ijc =     "International Journal of Control"}
@string{ieeecas = "IEEE Transactions on Circuits and Systems"}
@string{jrssb =   "Journal of the Royal Statistical Society B"}
@string{n =       "Nature"}
@string{zn =      "Z. Naturforsch"}
@string{jfi =     "Zeitschrift fuer Naturforschung A"}



@article{freitas2024parameterization,
  title={A Parameterization for Cloud Organization and Propagation by Evaporation-Driven Cold Pool Edges},
  author={Freitas, Saulo R and Grell, Georg A and Chovert, Angel D and Silva Dias, Maria Assun{\c{c}}{\~a}o F and de Lima Nascimento, Ernani},
  journal={Journal of Advances in Modeling Earth Systems},
  volume={16},
  number={1},
  pages={e2023MS003982},
  year={2024},
  publisher={Wiley Online Library}
}

@article{torri2015mechanisms,
  title={Mechanisms for convection triggering by cold pools},
  author={Torri, Giuseppe and Kuang, Zhiming and Tian, Yang},
  journal={Geophysical Research Letters},
  volume={42},
  number={6},
  pages={1943--1950},
  year={2015},
  publisher={Wiley Online Library}
}

@article{zuidema2017survey,
  title={A survey of precipitation-induced atmospheric cold pools over oceans and their interactions with the larger-scale environment},
  author={Zuidema, Paquita and Torri, Giuseppe and Muller, Caroline and Chandra, Arunchandra},
  journal={Surveys in Geophysics},
  volume={38},
  number={6},
  pages={1283--1305},
  year={2017},
  publisher={Springer}
}

@article{sawada2010impacts,
  title={Impacts of evaporation from raindrops on tropical cyclones. Part I: Evolution and axisymmetric structure},
  author={Sawada, Masahiro and Iwasaki, Toshiki},
  journal={Journal of the atmospheric sciences},
  volume={67},
  number={1},
  pages={71--83},
  year={2010},
  publisher={American Meteorological Society}
}

@article{sawada2010impacts(B),
  title={Impacts of evaporation from raindrops on tropical cyclones. Part II: Features of rainbands and asymmetric structure},
  author={Sawada, Masahiro and Iwasaki, Toshiki},
  journal={Journal of the atmospheric sciences},
  volume={67},
  number={1},
  pages={84--96},
  year={2010},
  publisher={American Meteorological Society}
}

@article{rios2020impacts,
  title={Impacts of radiation and cold pools on the intensity and vortex tilt of weak tropical cyclones interacting with vertical wind shear},
  author={Rios-Berrios, Rosimar},
  journal={Journal of the Atmospheric Sciences},
  volume={77},
  number={2},
  pages={669--689},
  year={2020},
  publisher={American Meteorological Society}
}

@article{cai2019effect,
  title={Effect of the eyewall cold pool on the inner rainband of a tropical cyclone},
  author={Cai, Qichao and Tang, Xiaodong},
  journal={Journal of Geophysical Research: Atmospheres},
  volume={124},
  number={3},
  pages={1292--1306},
  year={2019},
  publisher={Wiley Online Library}
}

@article{chen2014origin,
  title={Origin and maintenance of the long-lasting, outer mesoscale convective system in Typhoon Fengshen (2008)},
  author={Chen, Buo-Fu and Elsberry, Russell L and Lee, Cheng-Shang},
  journal={Monthly Weather Review},
  volume={142},
  number={8},
  pages={2838--2859},
  year={2014},
  publisher={American Meteorological Society}
}

@article{eastin2012surface,
  title={Surface cold pools in the outer rainbands of Tropical Storm Hanna (2008) near landfall},
  author={Eastin, Matthew D and Gardner, Tiffany L and Link, M Christopher and Smith, Kelly C},
  journal={Monthly weather review},
  volume={140},
  number={2},
  pages={471--491},
  year={2012},
  publisher={American Meteorological Society}
}

@article{barnes1983mesoscale,
  title={Mesoscale and convective structure of a hurricane rainband},
  author={Barnes, GM and Zipser, EJ and Jorgensen, D and Marks Jr, F},
  journal={Journal of Atmospheric Sciences},
  volume={40},
  number={9},
  pages={2125--2137},
  year={1983}
}

@article{zhou2023assessing,
  title={Assessing environmental conditions associated with spatially varying rainfall structure of North Atlantic tropical cyclones: An object-based climatological analysis},
  author={Zhou, Yao and Zhu, Laiyin and Matyas, Corene J and Luan, Hui and Tang, Jingyin},
  journal={International Journal of Climatology},
  volume={43},
  number={12},
  pages={5464--5484},
  year={2023},
  publisher={John Wiley \& Sons, Ltd. Chichester, UK}
}

@article{perez2021combined,
  title={The combined effects of SST and the North Atlantic subtropical high-pressure system on the Atlantic basin tropical cyclone interannual variability},
  author={P{\'e}rez-Alarc{\'o}n, Albenis and Fern{\'a}ndez-Alvarez, Jos{\'e} C and Sor{\'\i}, Rogert and Nieto, Raquel and Gimeno, Luis},
  journal={Atmosphere},
  volume={12},
  number={3},
  pages={329},
  year={2021},
  publisher={MDPI}
}

@article{trahan2012analysis,
  title={An analysis of NCEP tropical cyclone vitals and potential effects on forecasting models},
  author={Trahan, Sam and Sparling, Lynn},
  journal={Weather and forecasting},
  volume={27},
  number={3},
  pages={744--756},
  year={2012}
}

@article{marchok2007validation,
  title={Validation schemes for tropical cyclone quantitative precipitation forecasts: Evaluation of operational models for US landfalling cases},
  author={Marchok, Timothy and Rogers, Robert and Tuleya, Robert},
  journal={Weather and forecasting},
  volume={22},
  number={4},
  pages={726--746},
  year={2007}
}

@article{mesinger2008bias,
  title={Bias adjusted precipitation threat scores},
  author={Mesinger, F},
  journal={Advances in Geosciences},
  volume={16},
  pages={137--142},
  year={2008},
  publisher={Copernicus Publications G{\"o}ttingen, Germany}
}

@article{camargo2016tropical,
  title={Tropical cyclones in climate models},
  author={Camargo, Suzana J and Wing, Allison A},
  journal={Wiley Interdisciplinary Reviews: Climate Change},
  volume={7},
  number={2},
  pages={211--237},
  year={2016},
  publisher={Wiley Online Library}
}

@article{didlake2009convective,
  title={Convective-scale downdrafts in the principal rainband of Hurricane Katrina (2005)},
  author={Didlake, Anthony C and Houze, Robert A},
  journal={Monthly Weather Review},
  volume={137},
  number={10},
  pages={3269--3293},
  year={2009},
  publisher={American Meteorological Society}
}

@article{wang2025assessing,
  title={Assessing the impact of cumulus convection and turbulence parameterizations on typhoon precipitation forecast},
  author={Wang, Yueya and Li, Haobo and Shi, Xiaoming and Fung, Jimmy CH},
  journal={Geophysical Research Letters},
  volume={52},
  number={1},
  pages={e2024GL112075},
  year={2025},
  publisher={Wiley Online Library}
}

@article{wadler2021thermodynamic,
  title={Thermodynamic characteristics of downdrafts in tropical cyclones as seen in idealized simulations of different intensities},
  author={Wadler, Joshua B and Nolan, David S and Zhang, Jun A and Shay, Lynn K},
  journal={Journal of the Atmospheric Sciences},
  volume={78},
  number={11},
  pages={3503--3524},
  year={2021}
}

@article{cheng2020numerical,
  title={A numerical study of convective-scale downdrafts in the outer core of tropical cyclones in vertically varying environmental flows},
  author={Cheng, Jingjing and Li, Qingqing},
  journal={Tropical Cyclone Research and Review},
  volume={9},
  number={3},
  pages={143--161},
  year={2020},
  publisher={Elsevier}
}

@article{nyongesa2024influence,
  title={Influence of convective parameterization on the simulation of tropical cyclones over the South West Indian Ocean: A case study of tropical cyclone Idai (2019)},
  author={Nyongesa, Aston Matwayi and Shi, Donglei and Li, Shuanglin and Li, Qihua},
  journal={Atmospheric Research},
  volume={306},
  pages={107461},
  year={2024},
  publisher={Elsevier}
}

@article{vu2021numerical,
  title={A numerical study of the global formation of tropical cyclones},
  author={Vu, The-Anh and Kieu, Chanh and Chavas, Daniel and Wang, Quan},
  journal={Journal of Advances in Modeling Earth Systems},
  volume={13},
  number={1},
  pages={e2020MS002207},
  year={2021},
  publisher={Wiley Online Library}
}

@article{donkin2023capability,
  title={Capability and sensitivity of MPAS-A in simulating tropical cyclones over the South-West Indian Ocean},
  author={Donkin, Paige T and Abiodun, Babatunde J},
  journal={Modeling Earth Systems and Environment},
  volume={9},
  number={1},
  pages={527--542},
  year={2023},
  publisher={Springer}
}


@article{singh2019assessing,
  title={Assessing the performance evaluation of different convective parameterization schemes in simulating the intensity of severe cyclonic storms over the Bay of Bengal region},
  author={Singh, Kuvar S and Tyagi, Bhishma and Verma, Virendra K and Maity, Suman},
  journal={Meteorological Applications},
  volume={26},
  number={4},
  pages={597--609},
  year={2019},
  publisher={Wiley Online Library}
}

@article{ma2009improving,
  title={Improving the behavior of the cumulus parameterization for tropical cyclone prediction: Convection trigger},
  author={Ma, Lei-Ming and Tan, Zhe-Min},
  journal={Atmospheric Research},
  volume={92},
  number={2},
  pages={190--211},
  year={2009},
  publisher={Elsevier}
}


@article{hazelton2018evaluation,
  title={Evaluation of tropical cyclone structure forecasts in a high-resolution version of the multiscale GFDL fvGFS model},
  author={Hazelton, Andrew T and Harris, Lucas and Lin, Shian-Jiann},
  journal={Weather and Forecasting},
  volume={33},
  number={2},
  pages={419--442},
  year={2018},
  publisher={American Meteorological Society}
}


@article{stevens2019dyamond,
  title={DYAMOND: the DYnamics of the Atmospheric general circulation Modeled On Non-hydrostatic Domains},
  author={Stevens, Bjorn and Satoh, Masaki and Auger, Ludovic and Biercamp, Joachim and Bretherton, Christopher S and Chen, Xi and D{\"u}ben, Peter and Judt, Falko and Khairoutdinov, Marat and Klocke, Daniel and others},
  journal={Progress in Earth and Planetary Science},
  volume={6},
  number={1},
  pages={1--17},
  year={2019},
  publisher={Springer}
}

@article{barr2023sea,
  title={Sea-state-dependent sea spray and air--sea heat fluxes in tropical cyclones: A new parameterization for fully coupled atmosphere--wave--ocean models},
  author={Barr, Benjamin W and Chen, Shuyi S and Fairall, Christopher W},
  journal={Journal of the Atmospheric Sciences},
  volume={80},
  number={4},
  pages={933--960},
  year={2023}
}

@article{barr2024impacts,
  title={Impacts of Seastate-Dependent Sea Spray Heat Fluxes on Tropical Cyclone Structure and Intensity in Fully Coupled Atmosphere-Wave-Ocean Model Simulations},
  author={Barr, Benjamin Witten and Chen, Shuyi S},
  journal={Authorea Preprints},
  year={2024},
  publisher={Authorea}
}

@article{arakawa2011toward,
  title={Toward unification of the multiscale modeling of the atmosphere},
  author={Arakawa, A and Jung, J-H and Wu, C-M},
  journal={Atmospheric Chemistry and Physics},
  volume={11},
  number={8},
  pages={3731--3742},
  year={2011},
  publisher={Copernicus Publications G{\"o}ttingen, Germany}
}

@article{grell2014scale,
  title={A scale and aerosol aware stochastic convective parameterization for weather and air quality modeling},
  author={Grell, Georg A and Freitas, Saulo R},
  journal={Atmospheric Chemistry and Physics},
  volume={14},
  number={10},
  pages={5233--5250},
  year={2014},
  publisher={Copernicus GmbH}
}

@article{arakawa2004cumulus,
  title={The cumulus parameterization problem: Past, present, and future},
  author={Arakawa, Akio},
  journal={Journal of climate},
  volume={17},
  number={13},
  pages={2493--2525},
  year={2004},
  publisher={American Meteorological Society}
}

@article{grell2002generalized,
  title={A generalized approach to parameterizing convection combining ensemble and data assimilation techniques},
  author={Grell, Georg A and D{\'e}v{\'e}nyi, Dezs{\H{o}}},
  journal={Geophysical Research Letters},
  volume={29},
  number={14},
  pages={38--1},
  year={2002},
  publisher={Wiley Online Library}
}

@article{freitas2020cascading,
  title={Cascading toward a kilometer-scale GCM: Impacts of a scale-aware convection parameterization in the Goddard Earth Observing System GCM},
  author={Freitas, Saulo R and Putman, William M and Arnold, Nathan P and Adams, David K and Grell, Georg A},
  journal={Geophysical Research Letters},
  volume={47},
  number={17},
  pages={e2020GL087682},
  year={2020},
  publisher={Wiley Online Library}
}

@article{lean2024hectometric,
  title={The hectometric modelling challenge: Gaps in the current state of the art and ways forward towards the implementation of 100-m scale weather and climate models},
  author={Lean, Humphrey W and Theeuwes, Natalie E and Baldauf, Michael and Barkmeijer, Jan and Bessardon, Geoffrey and Blunn, Lewis and Bojarova, Jelena and Boutle, Ian A and Clark, Peter A and Demuzere, Matthias and others},
  journal={Quarterly Journal of the Royal Meteorological Society},
  volume={150},
  number={765},
  pages={4671--4708},
  year={2024},
  publisher={Wiley Online Library}
}

# referencias que fui colocando no capitulo 3:

@article{moon2021five,
  title={Five-day track forecast skills of WRF model for the western North Pacific tropical cyclones},
  author={Moon, Jihong and Park, Jinyoung and Cha, Dong-Hyun and Moon, Yumin},
  journal={Weather and Forecasting},
  volume={36},
  number={4},
  pages={1491--1503},
  year={2021}
}

@article{mishra2024characteristics,
  title={Characteristics of the Mediterranean cyclone IANOS in convection-permitting simulations: Unraveling model sensitivity to microphysics and cumulus parameterization},
  author={Mishra, Alok Kumar and Jangir, Babita and Khain, Pavel and Strobach, Ehud},
  journal={Journal of Geophysical Research: Atmospheres},
  volume={129},
  number={23},
  pages={e2024JD041637},
  year={2024},
  publisher={Wiley Online Library}
}

@article{deshpande2010impact,
  title={Impact of physical parameterization schemes on numerical simulation of super cyclone Gonu},
  author={Deshpande, Medha and Pattnaik, S and Salvekar, PS},
  journal={Natural Hazards},
  volume={55},
  pages={211--231},
  year={2010},
  publisher={Springer}
}

@article{zarzycki2021metrics,
  title={Metrics for evaluating tropical cyclones in climate data},
  author={Zarzycki, Colin M and Ullrich, Paul A and Reed, Kevin A},
  journal={Journal of Applied Meteorology and Climatology},
  volume={60},
  number={5},
  pages={643--660},
  year={2021}
}

@article{ditchek2023improving,
  title={Improving best track verification of tropical cyclones: A new metric to identify forecast consistency},
  author={Ditchek, Sarah D and Sippel, Jason A and Marinescu, Peter J and Alaka Jr, Ghassan J},
  journal={Weather and Forecasting},
  volume={38},
  number={6},
  pages={817--831},
  year={2023}
}

@article{gao2023regulating,
  title={Regulating fine-scale resolved convection in high-resolution models for better hurricane track prediction},
  author={Gao, Kun and Harris, Lucas and Bender, Morris and Chen, Jan-Huey and Zhou, Linjiong and Knutson, Thomas},
  journal={Geophysical Research Letters},
  volume={50},
  number={13},
  pages={e2023GL103329},
  year={2023},
  publisher={Wiley Online Library}
}

@article{demaria2007evaluation,
  title={Evaluation of long-term trends in tropical cyclone intensity forecasts},
  author={DeMaria, M and Knaff, JA and Sampson, C},
  journal={Meteorology and Atmospheric Physics},
  volume={97},
  number={1},
  pages={19--28},
  year={2007},
  publisher={Springer}
}

@article{landsea2013atlantic,
  title={Atlantic hurricane database uncertainty and presentation of a new database format},
  author={Landsea, Christopher W and Franklin, James L},
  journal={Monthly Weather Review},
  volume={141},
  number={10},
  pages={3576--3592},
  year={2013}
}

@article{shepherd2017sensitivity,
  title={Sensitivity of hurricane track to cumulus parameterization schemes in the WRF model for three intense tropical cyclones: Impact of convective asymmetry},
  author={Shepherd, Tristan J and Walsh, Kevin J},
  journal={Meteorology and Atmospheric Physics},
  volume={129},
  pages={345--374},
  year={2017},
  publisher={Springer}
}

@article{heming2017tropical,
  title={Tropical cyclone tracking and verification techniques for Met Office numerical weather prediction models},
  author={Heming, JT},
  journal={Meteorological Applications},
  volume={24},
  number={1},
  pages={1--8},
  year={2017},
  publisher={Wiley Online Library}
}

% section 3

@article{zhou2021regionalization,
  title={Regionalization of precipitation associated with tropical cyclones using spatial metrics and satellite precipitation},
  author={Zhou, Yao and Matyas, Corene J},
  journal={GIScience \& Remote Sensing},
  volume={58},
  number={4},
  pages={542--561},
  year={2021},
  publisher={Taylor \& Francis}
}

@article{bopape2021sensitivity,
  title={Sensitivity of Tropical Cyclone Idai simulations to cumulus parametrization schemes},
  author={Bopape, Mary-Jane M and Cardoso, Hipolito and Plant, Robert S and Phaduli, Elelwani and Chikoore, Hector and Ndarana, Thando and Khalau, Lino and Rakate, Edward},
  journal={Atmosphere},
  volume={12},
  number={8},
  pages={932},
  year={2021},
  publisher={MDPI}
}

@article{dulac2024assessing,
  title={Assessing the representation of tropical cyclones in ERA5 with the CNRM tracker},
  author={Dulac, William and Cattiaux, Julien and Chauvin, Fabrice and Bourdin, Stella and Fromang, S{\'e}bastien},
  journal={Climate Dynamics},
  volume={62},
  number={1},
  pages={223--238},
  year={2024},
  publisher={Springer}
}

@article{yang2024evaluation,
  title={Evaluation of IMERG and GSMaP for tropical cyclone applications},
  author={Yang, Song and Surratt, Melinda and Whitcomb, Timothy R and Camacho, Christopher},
  journal={Geophysical Research Letters},
  volume={51},
  number={4},
  pages={e2023GL106414},
  year={2024},
  publisher={Wiley Online Library}
}

@inproceedings{may2024cnn,
  title={A cnn system for segmenting tropical cyclones neighborhoods in geostationary images},
  author={May, Joshua and Harandi, Mehrtash and Tyo, J Scott and Hu, Liang and Ritchie-Tyo, Elizabeth A},
  booktitle={IGARSS 2024-2024 IEEE International Geoscience and Remote Sensing Symposium},
  pages={8259--8262},
  year={2024},
  organization={IEEE}
}

@article{knapp2010international,
  title={The international best track archive for climate stewardship (IBTrACS) unifying tropical cyclone data},
  author={Knapp, Kenneth R and Kruk, Michael C and Levinson, David H and Diamond, Howard J and Neumann, Charles J},
  journal={Bulletin of the American Meteorological Society},
  volume={91},
  number={3},
  pages={363--376},
  year={2010},
  publisher={American Meteorological Society}
}

@article{hersbach2020era5,
  title={The ERA5 global reanalysis},
  author={Hersbach, Hans and Bell, Bill and Berrisford, Paul and Hirahara, Shoji and Hor{\'a}nyi, Andr{\'a}s and Mu{\~n}oz-Sabater, Joaqu{\'\i}n and Nicolas, Julien and Peubey, Carole and Radu, Raluca and Schepers, Dinand and others},
  journal={Quarterly journal of the royal meteorological society},
  volume={146},
  number={730},
  pages={1999--2049},
  year={2020},
  publisher={Wiley Online Library}
}

@article{huffman2019gpm,
  title={GPM IMERG final precipitation L3 half hourly 0.1 degree$\times$ 0.1 degree V06},
  author={Huffman, GJ},
  journal={(No Title)},
  year={2019}
}

@misc{janowiak2017ncep,
  title={NCEP/CPC L3 half hourly 4 km global (60S--60N) merged IR V1. Goddard Earth Sciences Data and Information Services Center (GES DISC)},
  author={Janowiak, John and Joyce, Bob and Xie, Pingping},
  year={2017}
}

@article{bagtasa2022assessment,
  title={Assessment of tropical cyclone rainfall from GSMaP and GPM products and their application to analog forecasting in the Philippines},
  author={Bagtasa, Gerry},
  journal={Atmosphere},
  volume={13},
  number={9},
  pages={1398},
  year={2022},
  publisher={MDPI}
}

@article{reddy2022accurately,
  title={How accurately satellite precipitation products capture the tropical cyclone rainfall?},
  author={Reddy, M Venkatarami and Mitra, Ashis K and Momin, IM and Krishna, UV Murali},
  journal={Journal of the Indian Society of Remote Sensing},
  volume={50},
  number={10},
  pages={1871--1884},
  year={2022},
  publisher={Springer}
}

@article{hong2006wrf,
	title={The WRF single-moment 6-class microphysics scheme (WSM6)},
	author={Hong, Song-You and Lim, Jeong-Ock Jade},
	journal={Asia-Pacific Journal of Atmospheric Sciences},
	volume={42},
	number={2},
	pages={129--151},
	year={2006}
}

@article{freitas2018assessing,
	title={Assessing the Grell-Freitas convection parameterization in the NASA GEOS modeling system},
	author={Freitas, Saulo R and Grell, Georg A and Molod, Andrea and Thompson, Matthew A and Putman, William M and Santos e Silva, Claudio M and Souza, Enio P},
	journal={Journal of Advances in Modeling Earth Systems},
	volume={10},
	number={6},
	pages={1266--1289},
	year={2018},
	publisher={Wiley Online Library}
}

@article{iacono2008radiative,
	title={Radiative forcing by long-lived greenhouse gases: Calculations with the AER radiative transfer models},
	author={Iacono, Michael J and Delamere, Jennifer S and Mlawer, Eli J and Shephard, Mark W and Clough, Shepard A and Collins, William D},
	journal={Journal of Geophysical Research: Atmospheres},
	volume={113},
	number={D13},
	year={2008},
	publisher={Wiley Online Library}
}

@article{nakanishi2009development,
	title={Development of an improved turbulence closure model for the atmospheric boundary layer},
	author={Nakanishi, Mikio and Niino, Hiroshi},
	journal={Journal of the Meteorological Society of Japan. Ser. II},
	volume={87},
	number={5},
	pages={895--912},
	year={2009},
	publisher={Meteorological Society of Japan}
}

@article{mitchell2005community,
	title={The community Noah land-surface model (LSM)},
	author={Mitchell, Kenneth},
	journal={User’s Guide public release version},
	volume={2},
	number={1},
	pages={3660--3667},
	year={2005}
}

@article{skamarock2012multiscale,
	title={A multiscale nonhydrostatic atmospheric model using centroidal Voronoi tesselations and C-grid staggering},
	author={Skamarock, William C and Klemp, Joseph B and Duda, Michael G and Fowler, Laura D and Park, Sang-Hun and Ringler, Todd D},
	journal={Monthly Weather Review},
	volume={140},
	number={9},
	pages={3090--3105},
	year={2012}
}

@article{gunasekera2024global,
	title={Global Rapid Post-Disaster Damage Estimation (GRADE) Report: Hurricane Beryl 2024-Saint Vincent and the Grenadines: Report as of July 26, 2024},
	author={Gunasekera, Rashmin and Ishizawa Escudero, Oscar Anil and Daniell, James Edward and Pomonis, Antonios and Stone, Harriette and Toyos, Guillermo Pablo and Brand, Johannes and Romero Hernandez, Roberth Alejandro and Cubas, Diana and Weil, Jung Roxanne},
	year={2024},
	publisher={< bound method Organization. get\_name\_with\_acronym of< Organization: World~…}
}

@article{li2025generative,
	title={Generative Deep Learning Reconstructs Tropical Cyclone Microwave Data from Geostationary Infrared Radiometers},
	author={Li, Zhangrui and Tan, Zhe-Min and Bai, Lei},
	journal={Authorea Preprints},
	year={2025},
	publisher={Authorea}
}

@article{zhou2020prospects,
	title={On the prospects for improved tropical cyclone track forecasts},
	author={Zhou, Feifan and Toth, Zoltan},
	journal={Bulletin of the American Meteorological Society},
	volume={101},
	number={12},
	pages={E2058--E2077},
	year={2020}
}

@article{sippel2022impacts,
	title={Impacts of assimilating additional reconnaissance data on operational GFS tropical cyclone forecasts},
	author={Sippel, Jason A and Wu, Xingren and Ditchek, Sarah D and Tallapragada, Vijay and Kleist, Daryl T},
	journal={Weather and Forecasting},
	volume={37},
	number={9},
	pages={1615--1639},
	year={2022}
}

@misc{metoffice2024,
	author       = {{Met Office}},
	title        = {Observed and forecast tracks: northern hemisphere 2024},
	year         = {2024},
	url          = {https://www.metoffice.gov.uk/research/weather/tropical-cyclones/verification/seasons/nhem2024},
	note         = {Accessed: 2025-05-24}
}

@article{brackins2020evaluation,
	title={Evaluation of parametric precipitation models in reproducing tropical cyclone rainfall patterns},
	author={Brackins, John T and Kalyanapu, Alfred J},
	journal={Journal of Hydrology},
	volume={580},
	pages={124255},
	year={2020},
	publisher={Elsevier}
}

@article{luitel2018verification,
	title={Verification of the skill of numerical weather prediction models in forecasting rainfall from US landfalling tropical cyclones},
	author={Luitel, Beda and Villarini, Gabriele and Vecchi, Gabriel A},
	journal={Journal of hydrology},
	volume={556},
	pages={1026--1037},
	year={2018},
	publisher={Elsevier}
}

@article{li2025generative,
	title={Generative Deep Learning Reconstructs Tropical Cyclone Microwave Data from Geostationary Infrared Radiometers},
	author={Li, Zhangrui and Tan, Zhe-Min and Bai, Lei},
	journal={Authorea Preprints},
	year={2025},
	publisher={Authorea}
}

@article{sakaeda2023observed,
	title={The observed effects of cold pools on convection triggering and organization during DYNAMO/AMIE},
	author={Sakaeda, Naoko and Torri, Giuseppe},
	journal={Journal of Geophysical Research: Atmospheres},
	volume={128},
	number={17},
	pages={e2023JD038635},
	year={2023},
	publisher={Wiley Online Library}
}

@article{haerter2018reconciling,
	title={Reconciling cold pool dynamics with convective self-organization},
	author={Haerter, Jan O and B{\"o}ing, Steven J and Henneberg, Olga and Nissen, Silas Boye},
	journal={arXiv preprint arXiv:1810.05518},
	year={2018}
}

@article{feng2015mechanisms,
	title={Mechanisms of convective cloud organization by cold pools over tropical warm ocean during the AMIE/DYNAMO field campaign},
	author={Feng, Zhe and Hagos, Samson and Rowe, Angela K and Burleyson, Casey D and Martini, Matus N and de Szoeke, Simon P},
	journal={Journal of Advances in Modeling Earth Systems},
	volume={7},
	number={2},
	pages={357--381},
	year={2015},
	publisher={Wiley Online Library}
}

@article{vogel2021climatology,
	title={A climatology of trade-wind cumulus cold pools and their link to mesoscale cloud organization},
	author={Vogel, Raphaela and Konow, Heike and Schulz, Hauke and Zuidema, Paquita},
	journal={Atmospheric Chemistry and Physics},
	volume={21},
	number={21},
	pages={16609--16630},
	year={2021},
	publisher={Copernicus Publications G{\"o}ttingen, Germany}
}

@misc{nhc_helene2024,
	author       = {{National Hurricane Center}},
	title        = {Hurricane Helene Advisory Number 9},
	year         = {2024},
	url          = {https://www.nhc.noaa.gov/archive/2024/helene/helene_advisory_09.pdf},
	note         = {Accessed: 2025-05-24}
}

@misc{fsu_helene2024,
	author       = {Florida State University Climate Center},
	title        = {Hurricane Helene Summary Report},
	year         = {2024},
	url          = {https://climatecenter.fsu.edu/images/docs/Hurricane-Helene-Summary-Report.pdf},
	note         = {Accessed: 2025-05-24}
}

@techreport{nhc_helene20241,
	author       = {{National Hurricane Center}},
	title        = {Tropical Cyclone Report: Hurricane Helene (AL092024)},
	institution  = {National Oceanic and Atmospheric Administration (NOAA)},
	year         = {2024},
	url          = {https://www.nhc.noaa.gov/data/tcr/AL092024_Helene.pdf},
	note         = {Acesso em: 24 maio 2025}
}

@misc{britannica_helene,
	author       = {{Encyclopaedia Britannica, Inc.}},
	title        = {Hurricane Helene},
	howpublished = {\url{https://www.britannica.com/event/Hurricane-Helene}},
	note         = {Accessed: 2025-05-24},
	year         = 2025
}